<?xml version="1.0" encoding="UTF-8"?><collection xmlns="http://www.loc.gov/MARC21/slim"><record><leader>00506nam--2200193-u-4500</leader><controlfield tag="001">000055055</controlfield><controlfield tag="002">20161230</controlfield><controlfield tag="005">20161230201052</controlfield><controlfield tag="008">121025s1000------------r-----000-0-rus-d</controlfield><datafield ind1=" " ind2=" " tag="040"><subfield code="a">IFIN-HH</subfield></datafield><datafield ind1=" " ind2=" " tag="041"><subfield code="a">rus</subfield></datafield><datafield ind1=" " ind2=" " tag="080"><subfield code="a">535.853</subfield></datafield><datafield ind1="1" ind2=" " tag="100"><subfield code="a">Salihov, K.M</subfield></datafield><datafield ind1="1" ind2="0" tag="245"><subfield code="a">Elektronnoe spinovoe zho i ego primenenie</subfield><subfield code="c">K.m. salihov, a.g. semenov, iu.d. tvetkov</subfield></datafield><datafield ind1=" " ind2=" " tag="260"><subfield code="a">Novosibirsk</subfield><subfield code="b">Nauka</subfield><subfield code="c">1976</subfield></datafield><datafield ind1=" " ind2=" " tag="300"><subfield code="a">342P</subfield></datafield><datafield ind1="1" ind2=" " tag="700"><subfield code="a">Tvetkov, Iu.D</subfield></datafield><datafield ind1=" " ind2=" " tag="852"><subfield code="a">44222</subfield><subfield code="c">539.2</subfield></datafield><datafield ind1=" " ind2=" " tag="CAT"><subfield code="a">Sys</subfield><subfield code="c">20121025</subfield><subfield code="h">170800</subfield></datafield></record></collection>